
@article{RN48,
   author = {Urquhart, Lachlan and Rodden, Tom},
   title = {New Directions in Information Technology Law: Learning from Human Computer Interaction},
   year = {2016},
   type = {Journal Article}
}

@article{RN28,
   author = {Doctor, Faiyaz and Iqbal, Rahat and Zamudio, Victor},
   title = {Introduction to the thematic issue on Affect Aware Ubiquitious Computing},
   journal = {JAISE},
   volume = {7},
   number = {1},
   pages = {3-4},
   year = {2015},
   type = {Journal Article}
}

@article{RN35,
   author = {Gould, Amanda Starling},
   title = {Invisible visualities: Augmented reality art and the contemporary media ecology},
   journal = {Convergence},
   volume = {20},
   number = {1},
   pages = {25-32},
   ISSN = {1354-8565},
   year = {2014},
   type = {Journal Article}
}

@article{RN16,
   author = {Gant, María Luisa Bellido},
   title = {Los museos y los nuevos medios: paradigmas del conocimiento y la difusión},
   journal = {Sociedad: boletín de la Sociedad de Amigos de la Cultura de Vélez-Málaga},
   number = {12},
   pages = {27-30},
   ISSN = {1699-4264},
   year = {2013},
   type = {Journal Article}
}

@book{RN25,
   author = {Ekman, Ulrik},
   title = {Throughout: art and culture emerging with ubiquitous computing},
   publisher = {MIT Press},
   ISBN = {0262017504},
   year = {2013},
   type = {Book}
}

@article{RN20,
   author = {Stevens, Martijn},
   title = {Conformarse con la nada: la materialización de lo digital},
   journal = {la imaginación material, o los diez años de Artnodes},
   year = {2012},
   type = {Journal Article}
}

@book{RN34,
   author = {Simanowski, Roberto},
   title = {Digital art and meaning: reading kinetic poetry, text machines, mapping art, and interactive installations},
   publisher = {U of Minnesota Press},
   volume = {35},
   ISBN = {0816667373},
   year = {2011},
   type = {Book}
}

@article{RN50,
   author = {Schmitz, Michael},
   title = {Tangible interaction with anthropomorphic smart objects in instrumented environments},
   year = {2011},
   type = {Journal Article}
}

@book{RN38,
   author = {Rieser, Martin},
   title = {The mobile audience: media art and mobile technologies},
   publisher = {Rodopi},
   volume = {5},
   ISBN = {904203128X},
   year = {2011},
   type = {Book}
}

@book{RN39,
   author = {Mondloch, Kate},
   title = {Screens: Viewing media installation art},
   publisher = {U of Minnesota Press},
   volume = {30},
   ISBN = {0816665214},
   year = {2010},
   type = {Book}
}

@inproceedings{RN31,
   author = {Jacucci, Giulio and Wagner, Mira and Wagner, Ina and Giaccardi, Elisa and Annunziato, Mauro and Breyer, Nell and Hansen, Jonas and Jo, Kazuhiro and Ossevoort, Stijn and Perini, Alessandro},
   title = {ParticipArt: exploring participation in interactive art installations},
   booktitle = {Mixed and Augmented Reality-Arts, Media, and Humanities (ISMAR-AMH), 2010 IEEE International Symposium On},
   publisher = {IEEE},
   pages = {3-10},
   ISBN = {1424493420},
   type = {Conference Proceedings}
}

@article{RN17,
   author = {Casado Poyales, Antonio and González Mozos, María Teresa},
   title = {La utilización de las TIC para virtualizar un museo: estado de la Cuestión en Castilla-La Mancha},
   year = {2010},
   type = {Journal Article}
}

@article{RN24,
   author = {Schiphorst, Thecla},
   title = {Body matters: The palpability of invisible computing},
   journal = {Leonardo},
   volume = {42},
   number = {3},
   pages = {225-230},
   year = {2009},
   type = {Journal Article}
}

@inproceedings{RN52,
   author = {Martins, Tiago and Sommerer, Christa and Mignonneau, Laurent and Correia, Nuno},
   title = {Noon: a secret told by objects},
   booktitle = {Proceedings of the International Conference on Advances in Computer Enterntainment Technology},
   publisher = {ACM},
   pages = {446-446},
   ISBN = {1605588644},
   type = {Conference Proceedings}
}

@article{RN19,
   author = {Martín-Barbero, Jesús and Colombia, Comunicólogo},
   title = {Cuando la tecnología deja de ser una ayuda didáctica para convertirse en mediación cultural},
   journal = {CONVIVENCIALIDAD, TECNOLOGÍA Y DESEMPODERAMIENTO},
   pages = {5},
   year = {2009},
   type = {Journal Article}
}

@article{RN8,
   author = {Martín-Barbero, Jesús and Colombia, Comunicólogo},
   title = {Cuando la tecnología deja de ser una ayuda didáctica para convertirse en mediación cultural},
   journal = {CONVIVENCIALIDAD, TECNOLOGÍA Y DESEMPODERAMIENTO},
   pages = {5},
   year = {2009},
   type = {Journal Article}
}

@inproceedings{RN29,
   author = {Jacucci, Giulio and Spagnolli, Anna and Chalambalakis, Alessandro and Morrison, Ann and Liikkanen, Lassi and Roveda, Stefano and Bertoncini, Massimo},
   title = {Bodily explorations in space: Social experience of a multimodal art installation},
   booktitle = {IFIP Conference on Human-Computer Interaction},
   publisher = {Springer},
   pages = {62-75},
   type = {Conference Proceedings}
}

@article{RN21,
   author = {Gant, Mª Luisa Bellido},
   title = {Los nuevos hábitos de consumo cultural},
   journal = {Amigos de los museos: boletín informativo},
   number = {29},
   pages = {12},
   ISSN = {1134-2757},
   year = {2009},
   type = {Journal Article}
}

@article{RN32,
   author = {Velonaki, Mari and Scheding, Steve and Rye, David and Durrant-Whyte, Hugh},
   title = {Shared spaces: Media art, computing, and robotics},
   journal = {Computers in Entertainment (CIE)},
   volume = {6},
   number = {4},
   pages = {51},
   year = {2008},
   type = {Journal Article}
}

@article{RN49,
   author = {Vasilakos, Athanasios V and Wei, Liu and Nguyen, Ta Huynh Duy and Qui, Tran Cong Thien and Chen, Li Cheng and Boj, Clara and Diaz, Diego and Cheok, Adrian David and Marentakis, Georgios},
   title = {Interactive theatre via mixed reality and Ambient Intelligence},
   journal = {Information Sciences},
   volume = {178},
   number = {3},
   pages = {679-693},
   ISSN = {0020-0255},
   year = {2008},
   type = {Journal Article}
}

@article{RN47,
   author = {Vasilakos, Athanasios V and Wei, Liu and Nguyen, Ta Huynh Duy and Qui, Tran Cong Thien and Chen, Li Cheng and Boj, Clara and Diaz, Diego and Cheok, Adrian David and Marentakis, Georgios},
   title = {Interactive theatre via mixed reality and Ambient Intelligence},
   journal = {Information Sciences},
   volume = {178},
   number = {3},
   pages = {679-693},
   ISSN = {0020-0255},
   year = {2008},
   type = {Journal Article}
}

@article{RN18,
   author = {Rodríguez, Jaime Alejandro},
   title = {El mundo virtual como dispositivo para la creación artística},
   journal = {Nómadas},
   number = {28},
   pages = {138-147},
   ISSN = {0121-7550},
   year = {2008},
   type = {Journal Article}
}

@inproceedings{RN30,
   author = {Schiphorst, Thecla},
   title = {Really, really small: the palpability of the invisible},
   booktitle = {Proceedings of the 6th ACM SIGCHI conference on Creativity & cognition},
   publisher = {ACM},
   pages = {7-16},
   ISBN = {1595937129},
   type = {Conference Proceedings}
}

@article{RN40,
   author = {Burke, Jeff and Friedman, Jonathan and Mendelowitz, Eitan and Park, Heemin and Srivastava, Mani B},
   title = {Embedding expression: Pervasive computing architecture for art and entertainment},
   journal = {Pervasive and Mobile Computing},
   volume = {2},
   number = {1},
   pages = {1-36},
   ISSN = {1574-1192},
   year = {2006},
   type = {Journal Article}
}

@article{RN37,
   author = {Bolter, Jay David and Gromala, Diane},
   title = {Transparency and Re ectivity: Digital Art and the Aesthetics of Interface Design},
   journal = {Aesthetic computing},
   pages = {369},
   ISSN = {026206250X},
   year = {2006},
   type = {Journal Article}
}

@article{RN27,
   author = {Galloway, Anne},
   title = {Intimations of everyday life: Ubiquitous computing and the city},
   journal = {Cultural studies},
   volume = {18},
   number = {2-3},
   pages = {384-408},
   ISSN = {0950-2386},
   year = {2004},
   type = {Journal Article}
}

@article{RN44,
   author = {Solina, Franc and Peer, Peter and Batagelj, Borut and Juvan, Samo and Kova , Jure},
   title = {Color-based face detection in the" 15 seconds of fame" art installation},
   year = {2003},
   type = {Journal Article}
}

@article{RN43,
   author = {Solina, Franc and Peer, Peter and Batagelj, Borut and Juvan, Samo and Kova , Jure},
   title = {Color-based face detection in the" 15 seconds of fame" art installation},
   year = {2003},
   type = {Journal Article}
}

@article{RN13,
   author = {Saha, Debashis and Mukherjee, Amitava},
   title = {Pervasive computing: a paradigm for the 21st century},
   journal = {Computer},
   volume = {36},
   number = {3},
   pages = {25-31},
   ISSN = {0018-9162},
   year = {2003},
   type = {Journal Article}
}

@article{RN5,
   author = {Saha, Debashis and Mukherjee, Amitava},
   title = {Pervasive computing: a paradigm for the 21st century},
   journal = {Computer},
   volume = {36},
   number = {3},
   pages = {25-31},
   ISSN = {0018-9162},
   year = {2003},
   type = {Journal Article}
}

@article{RN11,
   author = {Chen, Harry and Finin, Tim and Joshi, Anupam},
   title = {An ontology for context-aware pervasive computing environments},
   journal = {The knowledge engineering review},
   volume = {18},
   number = {03},
   pages = {197-207},
   ISSN = {1469-8005},
   year = {2003},
   type = {Journal Article}
}

@article{RN3,
   author = {Chen, Harry and Finin, Tim and Joshi, Anupam},
   title = {An ontology for context-aware pervasive computing environments},
   journal = {The knowledge engineering review},
   volume = {18},
   number = {03},
   pages = {197-207},
   ISSN = {1469-8005},
   year = {2003},
   type = {Journal Article}
}

@article{RN51,
   author = {Bohn, Jürgen and Coroam , Vlad and Langheinrich, Marc and Mattern, Friedemann and Rohs, Michael},
   title = {Disappearing Computers Everywhere  Living in a World of Smart Everyday Objects},
   year = {2003},
   type = {Journal Article}
}

@article{RN10,
   author = {Beresford, Alastair R and Stajano, Frank},
   title = {Location privacy in pervasive computing},
   journal = {IEEE Pervasive computing},
   volume = {2},
   number = {1},
   pages = {46-55},
   ISSN = {1536-1268},
   year = {2003},
   type = {Journal Article}
}

@article{RN2,
   author = {Beresford, Alastair R and Stajano, Frank},
   title = {Location privacy in pervasive computing},
   journal = {IEEE Pervasive computing},
   volume = {2},
   number = {1},
   pages = {46-55},
   ISSN = {1536-1268},
   year = {2003},
   type = {Journal Article}
}

@book{RN36,
   author = {Wilson, Stephen},
   title = {Information arts: intersections of art, science, and technology},
   publisher = {MIT press},
   ISBN = {0262731584},
   year = {2002},
   type = {Book}
}

@inproceedings{RN14,
   author = {Henricksen, Karen and Indulska, Jadwiga and Rakotonirainy, Andry},
   title = {Modeling context information in pervasive computing systems},
   booktitle = {International Conference on Pervasive Computing},
   publisher = {Springer},
   pages = {167-180},
   type = {Conference Proceedings}
}

@inproceedings{RN6,
   author = {Henricksen, Karen and Indulska, Jadwiga and Rakotonirainy, Andry},
   title = {Modeling context information in pervasive computing systems},
   booktitle = {International Conference on Pervasive Computing},
   publisher = {Springer},
   pages = {167-180},
   type = {Conference Proceedings}
}

@book{RN7,
   author = {Giannetti, Claudia},
   title = {Estética digital: Sintopía del arte, la ciencia y la tecnología},
   publisher = {L'Angelot},
   ISBN = {8492226560},
   year = {2002},
   type = {Book}
}

@article{RN12,
   author = {Garlan, David and Siewiorek, Daniel P and Smailagic, Asim and Steenkiste, Peter},
   title = {Project aura: Toward distraction-free pervasive computing},
   journal = {IEEE Pervasive computing},
   volume = {1},
   number = {2},
   pages = {22-31},
   ISSN = {1536-1268},
   year = {2002},
   type = {Journal Article}
}

@article{RN4,
   author = {Garlan, David and Siewiorek, Daniel P and Smailagic, Asim and Steenkiste, Peter},
   title = {Project aura: Toward distraction-free pervasive computing},
   journal = {IEEE Pervasive computing},
   volume = {1},
   number = {2},
   pages = {22-31},
   ISSN = {1536-1268},
   year = {2002},
   type = {Journal Article}
}

@article{RN23,
   author = {Satyanarayanan, Mahadev},
   title = {Pervasive computing: Vision and challenges},
   journal = {IEEE Personal communications},
   volume = {8},
   number = {4},
   pages = {10-17},
   ISSN = {1070-9916},
   year = {2001},
   type = {Journal Article}
}

@article{RN1,
   author = {Satyanarayanan, Mahadev},
   title = {Pervasive computing: Vision and challenges},
   journal = {IEEE Personal communications},
   volume = {8},
   number = {4},
   pages = {10-17},
   ISSN = {1070-9916},
   year = {2001},
   type = {Journal Article}
}

@inproceedings{RN26,
   author = {Banavar, Guruduth and Beck, James and Gluzberg, Eugene and Munson, Jonathan and Sussman, Jeremy and Zukowski, Deborra},
   title = {Challenges: an application model for pervasive computing},
   booktitle = {Proceedings of the 6th annual international conference on Mobile computing and networking},
   publisher = {ACM},
   pages = {266-274},
   ISBN = {1581131976},
   type = {Conference Proceedings}
}

@inproceedings{RN15,
   author = {Banavar, Guruduth and Beck, James and Gluzberg, Eugene and Munson, Jonathan and Sussman, Jeremy and Zukowski, Deborra},
   title = {Challenges: an application model for pervasive computing},
   booktitle = {Proceedings of the 6th annual international conference on Mobile computing and networking},
   publisher = {ACM},
   pages = {266-274},
   ISBN = {1581131976},
   type = {Conference Proceedings}
}

@book{RN41,
   author = {Staniszewski, Mary Anne},
   title = {The power of display: A history of exhibition installations at the Museum of Modern Art},
   publisher = {Mit Press Cambridge, MA},
   ISBN = {0262194023},
   year = {1998},
   type = {Book}
}

@book{RN42,
   author = {De Oliveira, Nicolas and Oxley, Nicola and Petry, Michael and Archer, Michael},
   title = {Installation art},
   publisher = {Thames and Hudson London},
   ISBN = {0500236720},
   year = {1994},
   type = {Book}
}

@article{RN9,
   author = {Perela, Enrique Domínguez},
   title = {Creación artística y nuevas tecnologías},
   journal = {Arte, Individuo y Sociedad},
   number = {1},
   pages = {53},
   ISSN = {1988-2408},
   year = {1988},
   type = {Journal Article}
}

@article{RN22,
   author = {luisa Bellido, Maria},
   title = {Nuevas tecnologías, museo y educación},
   journal = {Imaginário e representação: alguns apontamentos sobre a fotografia no processo de criação},
   pages = {123},
   type = {Journal Article}
}


@ARTICLE{Jimenez201672,
author={Jiménez, J.},
title={War, terror, peace: Interrogation of art and philosophy [Guerra, terror, paz La interrogación del arte y de la filosofía]},
journal={Revista de Occidente},
year={2016},
number={420},
pages={72-90},
url={https://www.scopus.com/inward/record.uri?eid=2-s2.0-84974777768&partnerID=40&md5=178cf8c05a53b75bccd399b9754300f7},
document_type={Article},
source={Scopus},
}

@ARTICLE{SotoAguilar201591,
author={Soto-Aguilar, G.M.},
title={On wizards and lik’ichiris: The cultural creation of horror [Sobre brujos y lik’ichiris: La creación cultural Del horror]},
journal={Boletin del Museo Chileno de Arte Precolombino},
year={2015},
volume={20},
number={1},
pages={91-113},
doi={10.4067/S0718-68942015000100007},
url={https://www.scopus.com/inward/record.uri?eid=2-s2.0-84937113486&doi=10.4067%2fS0718-68942015000100007&partnerID=40&md5=5a1ac6742045ec75ce33a673ca43c53c},
document_type={Article},
source={Scopus},
}

@ARTICLE{EstripeautBourjac2013154,
author={Estripeaut-Bourjac, M.},
title={Initiatives of art and peace practices: The newspaper (over)living in Colombia [Iniciatiavas de arte y prácticas de paz: el diario (sobre)vivir en Colombia]},
journal={Confluencia},
year={2013},
volume={29},
number={1},
pages={154-170},
url={https://www.scopus.com/inward/record.uri?eid=2-s2.0-84893252108&partnerID=40&md5=2f9a5cf7193b18fcb7f0424e604404e8},
document_type={Article},
source={Scopus},
}

