@article{RN11,
    title = {{An ontology for context-aware pervasive computing environments}},
    year = {2003},
    journal = {The knowledge engineering review},
    author = {Chen, Harry and Finin, Tim and Joshi, Anupam},
    number = {03},
    pages = {197--207},
    volume = {18},
    issn = {1469-8005}
}

@inproceedings{RN29,
    title = {{Bodily explorations in space: Social experience of a multimodal art installation}},
    booktitle = {IFIP Conference on Human-Computer Interaction},
    author = {Jacucci, Giulio and Spagnolli, Anna and Chalambalakis, Alessandro and Morrison, Ann and Liikkanen, Lassi and Roveda, Stefano and Bertoncini, Massimo},
    pages = {62--75},
    publisher = {Springer}
}

@article{RN24,
    title = {{Body matters: The palpability of invisible computing}},
    year = {2009},
    journal = {Leonardo},
    author = {Schiphorst, Thecla},
    number = {3},
    pages = {225--230},
    volume = {42}
}

@inproceedings{RN26,
    title = {{Challenges: an application model for pervasive computing}},
    booktitle = {Proceedings of the 6th annual international conference on Mobile computing and networking},
    author = {Banavar, Guruduth and Beck, James and Gluzberg, Eugene and Munson, Jonathan and Sussman, Jeremy and Zukowski, Deborra},
    pages = {266--274},
    publisher = {ACM},
    isbn = {1581131976}
}

@article{RN43,
    title = {{Color-based face detection in the" 15 seconds of fame" art installation}},
    year = {2003},
    author = {Solina, Franc and Peer, Peter and Batagelj, Borut and Juvan, Samo and Jure, Kova}
}

@article{RN20,
    title = {{Conformarse con la nada: la materializaci{\'{o}}n de lo digital}},
    year = {2012},
    journal = {la imaginaci{\'{o}}n material, o los diez a{\~{n}}os de Artnodes},
    author = {Stevens, Martijn}
}

@article{RN9,
    title = {{Creaci{\'{o}}n art{\'{i}}stica y nuevas tecnolog{\'{i}}as}},
    year = {1988},
    journal = {Arte, Individuo y Sociedad},
    author = {Perela, Enrique Domínguez},
    number = {1},
    pages = {53},
    issn = {1988-2408}
}

@article{RN8,
    title = {{Cuando la tecnolog{\'{i}}a deja de ser una ayuda did{\'{a}}ctica para convertirse en mediaci{\'{o}}n cultural}},
    year = {2009},
    journal = {CONVIVENCIALIDAD, TECNOLOG{\'{I}}A Y DESEMPODERAMIENTO},
    author = {Mart{\'{i}}n-Barbero, Jesús and Colombia, Comunicólogo},
    pages = {5}
}

@book{RN46,
    title = {{Digital art and meaning: reading kinetic poetry, text machines, mapping art, and interactive installations}},
    year = {2011},
    author = {Simanowski, Roberto},
    volume = {35},
    publisher = {U of Minnesota Press},
    isbn = {0816667373}
}

@article{RN51,
    title = {{Disappearing Computers Everywhere  Living in a World of Smart Everyday Objects}},
    year = {2003},
    author = {Bohn, Jürgen and Vlad, Coroam and Langheinrich, Marc and Mattern, Friedemann and Rohs, Michael}
}

@article{RN18,
    title = {{El mundo virtual como dispositivo para la creaci{\'{o}}n art{\'{i}}stica}},
    year = {2008},
    journal = {N{\'{o}}madas},
    author = {Rodr{\'{i}}guez, Jaime Alejandro},
    number = {28},
    pages = {138--147},
    issn = {0121-7550}
}

@article{RN40,
    title = {{Embedding expression: Pervasive computing architecture for art and entertainment}},
    year = {2006},
    journal = {Pervasive and Mobile Computing},
    author = {Burke, Jeff and Friedman, Jonathan and Mendelowitz, Eitan and Park, Heemin and Srivastava, Mani B},
    number = {1},
    pages = {1--36},
    volume = {2},
    issn = {1574-1192}
}

@book{RN7,
    title = {{Est{\'{e}}tica digital: Sintop{\'{i}}a del arte, la ciencia y la tecnolog{\'{i}}a}},
    year = {2002},
    author = {Giannetti, Claudia},
    publisher = {L'Angelot},
    isbn = {8492226560}
}

@book{RN36,
    title = {{Information arts: intersections of art, science, and technology}},
    year = {2002},
    author = {Wilson, Stephen},
    publisher = {MIT press},
    isbn = {0262731584}
}

@book{RN42,
    title = {{Installation art}},
    year = {1994},
    author = {De Oliveira, Nicolas and Oxley, Nicola and Petry, Michael and Archer, Michael},
    publisher = {Thames and Hudson London},
    isbn = {0500236720}
}

@article{RN47,
    title = {{Interactive theatre via mixed reality and Ambient Intelligence}},
    year = {2008},
    journal = {Information Sciences},
    author = {Vasilakos, Athanasios V and Wei, Liu and Nguyen, Ta Huynh Duy and Qui, Tran Cong Thien and Chen, Li Cheng and Boj, Clara and Diaz, Diego and Cheok, Adrian David and Marentakis, Georgios},
    number = {3},
    pages = {679--693},
    volume = {178},
    issn = {0020-0255}
}

@article{RN27,
    title = {{Intimations of everyday life: Ubiquitous computing and the city}},
    year = {2004},
    journal = {Cultural studies},
    author = {Galloway, Anne},
    number = {2-3},
    pages = {384--408},
    volume = {18},
    issn = {0950-2386}
}

@article{RN28,
    title = {{Introduction to the thematic issue on Affect Aware Ubiquitious Computing}},
    year = {2015},
    journal = {JAISE},
    author = {Doctor, Faiyaz and Iqbal, Rahat and Zamudio, Victor},
    number = {1},
    pages = {3--4},
    volume = {7}
}

@article{RN35,
    title = {{Invisible visualities: Augmented reality art and the contemporary media ecology}},
    year = {2014},
    journal = {Convergence},
    author = {Gould, Amanda Starling},
    number = {1},
    pages = {25--32},
    volume = {20},
    issn = {1354-8565}
}

@article{RN17,
    title = {{La utilizaci{\'{o}}n de las TIC para virtualizar un museo: estado de la Cuesti{\'{o}}n en Castilla-La Mancha}},
    year = {2010},
    author = {Casado Poyales, Antonio and Gonz{\'{a}}lez Mozos, María Teresa}
}

@article{RN10,
    title = {{Location privacy in pervasive computing}},
    year = {2003},
    journal = {IEEE Pervasive computing},
    author = {Beresford, Alastair R and Stajano, Frank},
    number = {1},
    pages = {46--55},
    volume = {2},
    issn = {1536-1268}
}

@article{RN16,
    title = {{Los museos y los nuevos medios: paradigmas del conocimiento y la difusi{\'{o}}n}},
    year = {2013},
    journal = {Sociedad: bolet{\'{i}}n de la Sociedad de Amigos de la Cultura de V{\'{e}}lez-M{\'{a}}laga},
    author = {Gant, María Luisa Bellido},
    number = {12},
    pages = {27--30},
    issn = {1699-4264}
}

@article{RN21,
    title = {{Los nuevos h{\'{a}}bitos de consumo cultural}},
    year = {2009},
    journal = {Amigos de los museos: bolet{\'{i}}n informativo},
    author = {Gant, Mª Luisa Bellido},
    number = {29},
    pages = {12},
    issn = {1134-2757}
}

@inproceedings{RN14,
    title = {{Modeling context information in pervasive computing systems}},
    booktitle = {International Conference on Pervasive Computing},
    author = {Henricksen, Karen and Indulska, Jadwiga and Rakotonirainy, Andry},
    pages = {167--180},
    publisher = {Springer}
}

@article{RN48,
    title = {{New Directions in Information Technology Law: Learning from Human Computer Interaction}},
    year = {2016},
    author = {Urquhart, Lachlan and Rodden, Tom}
}

@inproceedings{RN52,
    title = {{Noon: a secret told by objects}},
    booktitle = {Proceedings of the International Conference on Advances in Computer Enterntainment Technology},
    author = {Martins, Tiago and Sommerer, Christa and Mignonneau, Laurent and Correia, Nuno},
    pages = {446},
    publisher = {ACM},
    isbn = {1605588644}
}

@article{RN22,
    title = {{Nuevas tecnolog{\'{i}}as, museo y educaci{\'{o}}n}},
    journal = {Imagin{\'{a}}rio e representa{\c{c}}{\~{a}}o: alguns apontamentos sobre a fotografia no processo de cria{\c{c}}{\~{a}}o},
    author = {luisa Bellido, Maria},
    pages = {123}
}

@inproceedings{RN31,
    title = {{ParticipArt: exploring participation in interactive art installations}},
    booktitle = {Mixed and Augmented Reality-Arts, Media, and Humanities (ISMAR-AMH), 2010 IEEE International Symposium On},
    author = {Jacucci, Giulio and Wagner, Mira and Wagner, Ina and Giaccardi, Elisa and Annunziato, Mauro and Breyer, Nell and Hansen, Jonas and Jo, Kazuhiro and Ossevoort, Stijn and Perini, Alessandro},
    pages = {3--10},
    publisher = {IEEE},
    isbn = {1424493420}
}

@article{RN13,
    title = {{Pervasive computing: a paradigm for the 21st century}},
    year = {2003},
    journal = {Computer},
    author = {Saha, Debashis and Mukherjee, Amitava},
    number = {3},
    pages = {25--31},
    volume = {36},
    issn = {0018-9162}
}

@article{RN23,
    title = {{Pervasive computing: Vision and challenges}},
    year = {2001},
    journal = {IEEE Personal communications},
    author = {Satyanarayanan, Mahadev},
    number = {4},
    pages = {10--17},
    volume = {8},
    issn = {1070-9916}
}

@article{RN4,
    title = {{Project aura: Toward distraction-free pervasive computing}},
    year = {2002},
    journal = {IEEE Pervasive computing},
    author = {Garlan, David and Siewiorek, Daniel P and Smailagic, Asim and Steenkiste, Peter},
    number = {2},
    pages = {22--31},
    volume = {1},
    issn = {1536-1268}
}

@inproceedings{RN30,
    title = {{Really, really small: the palpability of the invisible}},
    booktitle = {Proceedings of the 6th ACM SIGCHI conference on Creativity {\&} cognition},
    author = {Schiphorst, Thecla},
    pages = {7--16},
    publisher = {ACM},
    isbn = {1595937129}
}

@book{RN39,
    title = {{Screens: Viewing media installation art}},
    year = {2010},
    author = {Mondloch, Kate},
    volume = {30},
    publisher = {U of Minnesota Press},
    isbn = {0816665214}
}

@article{RN32,
    title = {{Shared spaces: Media art, computing, and robotics}},
    year = {2008},
    journal = {Computers in Entertainment (CIE)},
    author = {Velonaki, Mari and Scheding, Steve and Rye, David and Durrant-Whyte, Hugh},
    number = {4},
    pages = {51},
    volume = {6}
}

@article{RN50,
    title = {{Tangible interaction with anthropomorphic smart objects in instrumented environments}},
    year = {2011},
    author = {Schmitz, Michael}
}

@book{RN38,
    title = {{The mobile audience: media art and mobile technologies}},
    year = {2011},
    author = {Rieser, Martin},
    volume = {5},
    publisher = {Rodopi},
    isbn = {904203128X}
}

@book{RN41,
    title = {{The power of display: A history of exhibition installations at the Museum of Modern Art}},
    year = {1998},
    author = {Staniszewski, Mary Anne},
    publisher = {Mit Press Cambridge, MA},
    isbn = {0262194023}
}

@book{RN25,
    title = {{Throughout: art and culture emerging with ubiquitous computing}},
    year = {2013},
    author = {Ekman, Ulrik},
    publisher = {MIT Press},
    isbn = {0262017504}
}

@article{RN37,
    title = {{Transparency and Re ectivity: Digital Art and the Aesthetics of Interface Design}},
    year = {2006},
    journal = {Aesthetic computing},
    author = {Bolter, Jay David and Gromala, Diane},
    pages = {369},
    issn = {026206250X}
}

@article{Zimmerman1986ADevice,
    title = {{A hand gesture interface device}},
    year = {1986},
    journal = {ACM SIGCHI Bulletin},
    author = {Zimmerman, Thomas G. and Lanier, Jaron and Blanchard, Chuck and Bryson, Steve and Harvill, Young},
    number = {SI},
    pages = {189--192},
    volume = {17},
    isbn = {0897912136},
    doi = {10.1145/30851.275628},
    issn = {07366906},
    keywords = {1, devices presented here, gesture recognition, human interface, i n t r, interface, motor, o d u c, t i o n, tactile interface, the, the hand gesture input, user interface}
}

@article{Causa2008AlgoritmosBitonales,
    title = {{Algoritmos para el an{\'{a}}lisis de formas y reconocimiento de patrones bitonales}},
    year = {2008},
    author = {Causa, Emiliano},
    pages = {1--19},
    keywords = {an{\'{a}}lisis de formas, captura de movimiento, reconocimiento de patrones bitonales, visi{\'{o}}n artificial}
}

@article{Dourish1992AwarenessWorkspaces,
    title = {{Awareness and Coordination in Shared Workspaces}},
    year = {1992},
    journal = {Proc. Intl. Conf. on Computer-Supported Cooperative Work},
    author = {Dourish, Paul and Bellotti, Victoria},
    number = {November},
    pages = {107--114},
    url = {http://portal.acm.org/citation.cfm?doid=143457.143468},
    keywords = {awareness, coordination, information sharing, shared feedback, shared workspaces}
}

@article{Ishii2004Bottles:Weiser,
    title = {{Bottles: A transparent interface as a tribute to Mark Weiser}},
    year = {2004},
    journal = {IEICE Transactions on Information and Systems},
    author = {Ishii, Hiroshi},
    number = {6},
    pages = {1299--1311},
    volume = {E87-D},
    url = {http://www.scopus.com/inward/record.url?eid=2-s2.0-3042591881&partnerID=tZOtx3y1},
    issn = {09168532},
    keywords = {Bottles, Invisible computing, Mark Weiser, MusicBottles, Pervasive computing, Tangible bits, Tangible interface, Transparent interface, Ubiquitous computing, Weather bottle}
}

@article{vanderAalst2007BusinessApplication,
    title = {{Business process mining: An industrial application}},
    year = {2007},
    journal = {Information Systems},
    author = {van der Aalst, W.M.P. and Reijers, H.A. and Weijters, A.J.M.M. and van Dongen, B.F. and Alves de Medeiros, A.K. and Song, M. and Verbeek, H.M.W.},
    number = {5},
    month = {7},
    pages = {713--732},
    volume = {32},
    url = {http://www.scopus.com/inward/record.url?eid=2-s2.0-34147190948&partnerID=tZOtx3y1},
    doi = {10.1016/j.is.2006.05.003},
    issn = {03064379},
    keywords = {Business process analysis, Business process management, Data mining, Petri nets, Process mining, Social network analysis, Workflow management}
}

@article{Guia2015CapituloIntroduccion,
    title = {{Cap{\'{i}}tulo 1 Introducci{\'{o}}n}},
    year = {2015},
    author = {Gu{\'{i}}a, La and Fundamentos, De Los and Gu{\'{i}}a, De Proyectos},
    pages = {1--8},
    keywords = {al, de proyectos, describe normas, es una, fundamentos para la direcci{\'{o}}n, gu{\'{i}}a del pmbok, la gu{\'{i}}a de los, m{\'{e}}todos, norma reconocida en la, por norma se hace, procesos y pr{\'{a}}cticas establecidos, profesi{\'{o}}n de la direcci{\'{o}}n, referencia a, un documento formal que, {\'{i}}tulo 1 introducci{\'{o}}n}
}

@misc{CentroHistorica,
    title = {{Centro Nacional de Memoria Hist{\'{o}}rica}},
    url = {http://www.centrodememoriahistorica.gov.co}
}

@book{Han2012DataTechniques,
    title = {{Data Mining: Concepts and Techniques}},
    year = {2012},
    booktitle = {Data Mining: Concepts and Techniques},
    author = {Han, Jiawei and Kamber, Micheline and Pei, Jian},
    publisher = {Elsevier Inc.},
    url = {http://www.scopus.com/inward/record.url?eid=2-s2.0-84881078972&partnerID=tZOtx3y1},
    isbn = {9780123814791}
}

@article{Gaver1999Design:Probes,
    title = {{Design: Cultural probes}},
    year = {1999},
    journal = {Interactions},
    author = {Gaver, Bill and Dunne, Tony and Pacenti, Elena},
    number = {1},
    pages = {21--29},
    volume = {6},
    isbn = {1072-5520},
    doi = {10.1145/291224.291235},
    issn = {10725520},
    pmid = {18331187}
}

@inproceedings{Beaudouin-Lafon2004DesigningInterfaces,
    title = {{Designing interaction, not interfaces}},
    year = {2004},
    booktitle = {Proceedings of the working conference on Advanced visual interfaces - AVI '04},
    author = {Beaudouin-Lafon, Michel},
    pages = {15},
    publisher = {ACM Press},
    url = {http://www.scopus.com/inward/record.url?eid=2-s2.0-84876519622&partnerID=tZOtx3y1},
    address = {New York, New York, USA},
    isbn = {1581138679},
    doi = {10.1145/989863.989865},
    keywords = {Design principles, Instrumental interaction, Interaction architecture, Interaction model, Interaction paradigm, Situated interaction}
}

@article{Hutchins1985DirectInterfaces,
    title = {{Direct Manipulation Interfaces}},
    year = {1985},
    journal = {Human–Computer Interaction},
    author = {Hutchins, Edwin L. and Hollan, James D. and Norman, Donald A.},
    number = {4},
    pages = {311--338},
    volume = {1},
    url = {http://www.tandfonline.com/doi/abs/10.1207/s15327051hci0104_2},
    isbn = {07370024},
    doi = {10.1207/s15327051hci0104{\_}2},
    issn = {0737-0024}
}

@article{Hollan2000DistributedResearch,
    title = {{Distributed Cognition: Toward a New Doundation for Human-Computer Interaction Research}},
    year = {2000},
    journal = {ACM Transactions on Computer-Human Interaction},
    author = {Hollan, J.D. James and Hutchins, Edwin and Kirsh, David},
    number = {2},
    pages = {174--196},
    volume = {7},
    isbn = {1073-0516},
    doi = {http://doi.acm.org/10.1145/353485.353487},
    issn = {1073-0516},
    pmid = {18514741}
}

@article{Anderson2003EmbodiedGuide,
    title = {{Embodied Cognition: A field guide}},
    year = {2003},
    journal = {Artificial Intelligence},
    author = {Anderson, Michael L.},
    number = {1},
    pages = {91--130},
    volume = {149},
    url = {http://linkinghub.elsevier.com/retrieve/pii/S0004370203000547},
    doi = {10.1016/S0004-3702(03)00054-7},
    issn = {00043702}
}

@article{Streeck2011EmbodiedWorld,
    title = {{Embodied interaction: language and body in the material world}},
    year = {2011},
    journal = {Embodied Interaction language and body in the material world},
    author = {Streeck, Jürgen and Goodwin, Charles and LeBaron, Curtis},
    pages = {1--28},
    url = {http://books.google.com/books?id=vJlSewAACAAJ&pgis=1},
    isbn = {0521895634}
}

@article{Martnez-Miranda2005EmotionsIntelligence,
    title = {{Emotions in human and artificial intelligence}},
    year = {2005},
    journal = {Computers in Human Behavior},
    author = {Martı́nez-Miranda, Juan and Aldea, Arantza},
    number = {2},
    month = {3},
    pages = {323--341},
    volume = {21},
    url = {http://www.sciencedirect.com/science/article/pii/S074756320400024X},
    doi = {10.1016/j.chb.2004.02.010},
    issn = {07475632},
    keywords = {Emotions, Expert systems, Human behaviour, Intelligence, Personality traits}
}

@article{Moarrawi2011EstudioVuelo,
    title = {{Estudio de viabilidad para el reconocimiento de los gestos de la mano mediante una c{\'{a}}mara de tiempo de vuelo}},
    year = {2011},
    author = {Moarrawi, Mohamad-salajh Marrawi and Estado, Capítulo and Arte, D E L}
}

@inproceedings{Buchenau2000ExperiencePrototyping,
    title = {{Experience Prototyping}},
    year = {2000},
    booktitle = {Conference on Designing interactive systems: processes, practices, methods, and techniques},
    author = {Buchenau, M. and Francisco, I.S. and Suri, J.F.},
    pages = {424--433},
    publisher = {ACM},
    isbn = {1581132190},
    doi = {http://doi.acm.org/10.1145/347642.347802},
    pmid = {190},
    keywords = {design, experience, methods, prototyping}
}

@article{Mirvis1991Flow:Experience.,
    title = {{Flow: The Psychology of Optimal Experience.}},
    year = {1991},
    journal = {Academy of Management Review},
    author = {Mirvis, P. H.},
    number = {3},
    pages = {636--640},
    volume = {16},
    isbn = {0060920432},
    doi = {10.5465/AMR.1991.4279513},
    issn = {0363-7425},
    pmid = {112}
}

@inproceedings{Isenburg2005GeometryPolygons,
    title = {{Geometry prediction for high degree polygons}},
    year = {2005},
    booktitle = {Proceedings of the 21st spring conference on Computer graphics - SCCG '05},
    author = {Isenburg, Martin and Ivrissimtzis, Ioannis and Gumhold, Stefan and Seidel, Hans-Peter},
    pages = {147--152},
    publisher = {ACM Press},
    url = {http://dl.acm.org/citation.cfm?id=1090146\nhttp://portal.acm.org/citation.cfm?doid=1090122.1090146},
    keywords = {mesh compression, predictive geometry coding}
}

@article{Mitra2007GestureSurvey,
    title = {{Gesture Recognition : A Survey}},
    year = {2007},
    journal = {IEEE Transactions On Systems, Man, And Cybernetics - Part C: Applications And Reviews},
    author = {Mitra, Sushmita and Acharya, Tinku},
    number = {3},
    pages = {311--324},
    volume = {37},
    isbn = {1094-6977 VO - 37},
    doi = {10.1109/TSMCC.2007.893280},
    issn = {10946977},
    pmid = {19577412},
    keywords = {Face recognition, facial expressions, hand ges-, hidden Markov models (HMMs), optical flow., soft computing, tures}
}

@article{Hornecker2006GettingInteraction,
    title = {{Getting a grip on tangible interaction}},
    year = {2006},
    journal = {Proceedings of the SIGCHI conference on Human Factors in computing systems - CHI '06},
    author = {Hornecker, Eva and Buur, Jacob},
    pages = {437},
    url = {http://dl.acm.org/citation.cfm?id=1124772.1124838},
    isbn = {1595933727},
    doi = {10.1145/1124772.1124838},
    issn = {10629432}
}

@article{Klemmer2006HowDesign,
    title = {{How bodies matter: five themes for interaction design}},
    year = {2006},
    journal = {DIS '06: Proceedings of the 6th conference on Designing Interactive systems},
    author = {Klemmer, Scott R and Hartmann, Björn and Takayama, Leila},
    pages = {140--149},
    url = {http://portal.acm.org/citation.cfm?doid=1142405.1142429\npapers3://publication/doi/10.1145/1142405.1142429},
    isbn = {1595933670},
    doi = {10.1145/1142405.1142429},
    keywords = {Embodiment, bodies, embodied interaction, ubiquito}
}

@article{Balsero2005InteraccionReal,
    title = {{Interacci{\'{o}}n hombre-m{\'{a}}quina usando gestos manuales en texto real}},
    year = {2005},
    journal = {Ingenier{\'{i}}a y {\ldots}},
    author = {Balsero, Nelson and Botero, Diego},
    pages = {1--13},
    url = {http://ingenieriayuniversidad.javeriana.edu.co/DefRev0902Interaccion.pdf},
    isbn = {9586951820},
    keywords = {a set of twelve, abstract, an electronic system able, by a person with, en tiempo real, im{\'{a}}genes, in real time, in this paper we, interacci{\'{o}}n hombre-m{\'{a}}quina, manual gestures carried out, one of, present the development of, procesador blackfin 533, recognize, reconocimiento e interpretaci{\'{o}}n de, to}
}

@article{Hervs2006InteraccionVisualizacion,
    title = {{Interacci{\'{o}}n Natural en Ambientes Inteligentes a trav{\'{e}}s de Roles en Mosaicos de Visualizaci{\'{o}}n}},
    year = {2006},
    journal = {Interacci{\'{o}}n06},
    author = {Hervs, Ramon and Bravo, José and Nava, Salvador N and Chavira, Gabriel},
    volume = {1},
    keywords = {adaptabilidad, consciencia de contexto, inteligencia ambiental, interacci{\'{o}}n impl{\'{i}}cita, visualizaci{\'{o}}n de informaci{\'{o}}n}
}

@book{Shields2007InteractiveMedia,
    title = {{Interactive Media}},
    year = {2007},
    booktitle = {Mediaweek},
    author = {Shields, Mike},
    number = {1},
    pages = {8},
    volume = {17},
    isbn = {9781848000353},
    keywords = {advertising, statistics}
}

@article{Waller2009MakingAvailable,
    title = {{Making ubiquitous computing available}},
    year = {2009},
    journal = {Communications of the ACM},
    author = {Waller, Vivienne and Johnston, Robert B.},
    isbn = {0001-0782},
    doi = {10.1145/1562764.1562796},
    issn = {00010782},
    pmid = {44619000}
}

@inproceedings{Kempe2003MaximizingNetwork,
    title = {{Maximizing the spread of influence through a social network}},
    year = {2003},
    booktitle = {Proceedings of the ninth ACM SIGKDD international conference on Knowledge discovery and data mining - KDD '03},
    author = {Kempe, David and Kleinberg, Jon and Tardos, Éva},
    pages = {137},
    publisher = {ACM Press},
    url = {http://www.scopus.com/inward/record.url?eid=2-s2.0-33747172362&partnerID=tZOtx3y1},
    address = {New York, New York, USA},
    isbn = {1581137370},
    doi = {10.1145/956750.956769},
    keywords = {Approximation algorithms, Diffusion of innovations, Social networks, Viral marketing}
}

@inproceedings{Richardson2002MiningMarketing,
    title = {{Mining knowledge-sharing sites for viral marketing}},
    year = {2002},
    booktitle = {Proceedings of the ACM SIGKDD International Conference on Knowledge Discovery and Data Mining},
    author = {Richardson, Matthew and Domingos, Pedro},
    pages = {61--70},
    url = {http://www.scopus.com/inward/record.url?eid=2-s2.0-0242456823&partnerID=tZOtx3y1},
    keywords = {Direct marketing, Knowledge sharing, Linear models, Probabilistic models, Social networks, Viral marketing}
}

@inproceedings{Domingos2001MiningCustomers,
    title = {{Mining the network value of customers}},
    year = {2001},
    booktitle = {Proceedings of the Seventh ACM SIGKDD International Conference on Knowledge Discovery and Data Mining},
    author = {Domingos, Pedro and Richardson, Matt},
    pages = {57--66},
    url = {http://www.scopus.com/inward/record.url?eid=2-s2.0-0035789667&partnerID=tZOtx3y1},
    isbn = {158113391X}
}

@misc{Colciencias2014Modelo2014,
    title = {{Modelo de Medici{\'{o}}n de Grupos, de Investigacion, Desarrollo Tecnol{\'{o}}gico o de Innovaci{\'{o}}n y reconocimiento de investigadores del Sistema Nacional de Ciencia, tecnolog{\'{i}}a e Innovaci{\'{o}}n 2014}},
    year = {2014},
    author = {{Colciencias}}
}

@misc{Cook2012PervasiveArt,
    title = {{Pervasive computing at scale: Transforming the state of the art}},
    year = {2012},
    booktitle = {Pervasive and Mobile Computing},
    author = {Cook, Diane J. and Das, Sajal K.},
    number = {1},
    pages = {22--35},
    volume = {8},
    isbn = {1574-1192},
    doi = {10.1016/j.pmcj.2011.10.004},
    issn = {15741192},
    keywords = {Behavior modeling, Cloud computing, Energy harvesting, Internet of things, Smart environments, Smart phones}
}

@inproceedings{Jacob2008Reality-basedInterfaces,
    title = {{Reality-based interaction: a framework for post-WIMP interfaces}},
    shorttitle = {Reality-based interaction},
    year = {2008},
    booktitle = {portal.acm.org},
    author = {Jacob, RJK and Girouard, A and Hirshfield, LM and {MS} and {2008}},
    pages = {201--210},
    publisher = {ACM},
    url = {http://portal.acm.org/citation.cfm?id=1357089},
    isbn = {978-1-60558-011-1},
    doi = {10.1145/1357054.1357089},
    issn = {00068993}
}

@article{MelReconocimientoKinect,
    title = {{Reconocimiento de Gestos basado en Modelos Ocultos de Markov utilizando el Kinect}},
    author = {Mel, Leal}
}

@article{Machio2014ReconocimientoNeuronales,
    title = {{Reconocimiento de Gestos Basado en Visi{\'{o}}n Estereosc{\'{o}}pica y Redes Neuronales}},
    year = {2014},
    journal = {Igarss 2014},
    author = {Machio, Victor M},
    number = {1},
    pages = {1--5},
    isbn = {9780874216561},
    doi = {10.1007/s13398-014-0173-7.2},
    issn = {0717-6163},
    pmid = {15003161},
    arxivId = {arXiv:1011.1669v3},
    keywords = {Bott}
}

@article{Quiroga2001ReconocimientoDinamicos,
    title = {{Reconocimiento de Gestos Din{\'{a}}micos}},
    year = {2001},
    author = {Quiroga, Facundo Manuel}
}

@article{PajueloMartin2010ReconocimientoProfundidad,
    title = {{Reconocimiento en tiempo real de gestos manuales a partir de v{\textbackslash}' capturados con c{\'{a}}mara de profundidad}},
    year = {2010},
    journal = {Interfaces},
    author = {Pajuelo Mart{\'{i}}n, José Antonio},
    pages = {146},
    url = {http://arantxa.ii.uam.es/~jms/pfcsteleco/lecturas/20100924JoseAntonioPajuelo.pdf}
}

@article{GilSEGUIMIENTOCOMPUTADOR,
    title = {{SEGUIMIENTO Y RECONOCIMIENTO DE LOS GESTOS DE UNA MANO MEDIANTE VISI{\'{O}}N POR COMPUTADOR}},
    author = {Gil, Álvaro Melero and Incertis, Isaac García and Cartif, Fundación and Tecnol{\'{o}}gico, Parque and Parcela, De Boecillo and Valladolid, Universidad De and Paseo, Disa},
    number = {47151},
    volume = {205},
    keywords = {interacci{\'{o}}n natural, interfaces, multimodales, visi{\'{o}}n por computador, webcam}
}

@article{Maestre2000SistemaMano,
    title = {{Sistema eficiente de reconocimiento de gestos de la mano}},
    year = {2000},
    author = {Maestre, J.S.},
    url = {http://silvela.org/jaime/PFC.pdf}
}

@article{Boyd2008SocialScholarship,
    title = {{Social Network Sites: Definition, History, and Scholarship}},
    year = {2008},
    journal = {Journal of Computer-Mediated Communication},
    author = {Boyd, Danah M. and Ellison, Nicole B.},
    number = {1},
    pages = {210--230},
    volume = {13},
    url = {http://blackwell-synergy.com/doi/abs/10.1111/j.1083-6101.2007.00393.x},
    isbn = {1083610110836},
    doi = {10.1111/j.1083-6101.2007.00393.x},
    issn = {10836101},
    pmid = {16476467},
    arxivId = {Accessed October 9, 2008}
}

@article{Fiser2002StatisticalSequences.,
    title = {{Statistical learning of higher-order temporal structure from visual shape sequences.}},
    year = {2002},
    journal = {Journal of Experimental Psychology: Learning, Memory, and Cognition},
    author = {Fiser, József and Aslin, Richard N},
    number = {3},
    pages = {458},
    volume = {28},
    publisher = {American Psychological Association},
    issn = {1939-1285}
}

@article{Brooke1996SUS-AScale,
    title = {{SUS-A quick and dirty usability scale}},
    year = {1996},
    journal = {Usability evaluation in industry},
    author = {Brooke, John},
    number = {194},
    pages = {1--8},
    volume = {189},
    url = {http://hell.meiert.org/core/pdf/sus.pdf https://books.google.co.in/books?hl=en&lr=&id=IfUsRmzAqvEC&oi=fnd&pg=PA189&dq=A+%E2%80%97quick+and+dirty%E2%80%98+usability+scale.&ots=G9mwycpq5n&sig=UlG8GzdMU9UZQIh-nMF8cNm17Q0},
    isbn = {0748404600},
    doi = {10.1002/hbm.20701},
    issn = {1097-0193},
    pmid = {19172650}
}

@article{Ishii1997TangibleAtoms,
    title = {{Tangible bits: towards seamless interfaces between people, bits and atoms}},
    year = {1997},
    journal = {Proceedings of the SIGCHI conference on Human factors in computing systems},
    author = {Ishii, H. and Ullmer, B.},
    number = {March},
    pages = {241},
    publisher = {ACM},
    url = {http://portal.acm.org/citation.cfm?id=258549.258715},
    keywords = {ambient media, and periphery, augmented reality, center, foreground and background, graspable user, interface, tangible user interface, ubiquitous computing}
}

@article{Kammer2010TaxonomyFeatures,
    title = {{Taxonomy and Overview of Multi-touch Frameworks : Architecture , Scope and Features}},
    year = {2010},
    journal = {Proceedings of Workshop on Engineering Patterns for Multi-Touch Interfaces},
    author = {Kammer, Dietrich and Keck, Mandy and Freitag, Georg and Wacker, Markus},
    pages = {1--5},
    url = {http://www.vi-c.de/vic/sites/default/files/Taxonomy_and_Overview_of_Multi-touch_Frameworks.pdf},
    keywords = {across our list, are being addressed, concrete use cases that, different capabilities of supported, frameworks stem from the, hardware devices and, the classification of multi-touch}
}

@article{Hutchinson2003TechnologyFamilies,
    title = {{Technology probes: inspiring design for and with families}},
    year = {2003},
    journal = {Proceedings of the SIGCHI Conference on Human Factors in Computing Systems},
    author = {Hutchinson, Hilary and Mackay, Wendy and Westerlund, Bo and Bederson, Benjamin B and Druin, Allison and Plaisant, Catherine and Beaudouin-Lafon, Michel and Conversy, St{\'e}phane and Evans, Helen and Hansen, Heiko},
    pages = {17--24},
    url = {http://www.lii-enac.fr/~conversy/research/papers/chi2003-techProbes.pdf},
    isbn = {1-58113-630-7},
    doi = {10.1145/642611.642616},
    issn = {09501991},
    pmid = {19465594},
    keywords = {can play a, communication, computers and the internet, email, however, instant, people connected, positive role in keeping, that when used for, this study also suggests}
}

@misc{Weiser1991TheCentury,
    title = {{The Computer for the 21st Century}},
    year = {1991},
    booktitle = {Scientific American},
    author = {Weiser, Mark},
    number = {3},
    pages = {94--104},
    volume = {265},
    isbn = {1558602461},
    doi = {10.1038/scientificamerican0991-94},
    issn = {0036-8733},
    pmid = {2841793012588059891}
}

@book{Norman2002TheThings,
    title = {{The Design of Everyday Things}},
    year = {2002},
    booktitle = {Human Factors and Ergonomics in Manufacturing},
    author = {Norman, Donald A},
    number = {4},
    pages = {272},
    volume = {16},
    url = {http://ucdwiki.chuank.com/uploads/Main/UCDReading_wk5.pdf},
    isbn = {0465067107},
    doi = {10.1002/hfm.20127},
    issn = {03071766},
    pmid = {13182255}
}

@article{Schneiderman1996TheVisualizations,
    title = {{The Eyes Have It: A Task by Data Type Taxonomy for Information Visualizations}},
    year = {1996},
    journal = {Proceedings 1996 IEEE Symposium on Visual Languages},
    author = {Schneiderman, B and Shneiderman, B.},
    pages = {336--343},
    isbn = {0-8186-7508-X},
    doi = {10.1109/VL.1996.545307},
    issn = {1049-2615},
    pmid = {4986861}
}

@inproceedings{Liben-Nowell2003TheNetworks,
    title = {{The link prediction problem for social networks}},
    year = {2003},
    booktitle = {International Conference on Information and Knowledge Management, Proceedings},
    author = {Liben-Nowell, David and Kleinberg, Jon},
    pages = {556--559},
    url = {http://www.scopus.com/inward/record.url?eid=2-s2.0-18744398132&partnerID=tZOtx3y1},
    keywords = {Link analysis, Link prediction, Social networks}
}

@article{Law2009UnderstandingApproach,
    title = {{Understanding, scoping and defining user experience: a survey approach}},
    year = {2009},
    journal = {Proceedings of the  {\ldots}},
    author = {Law, ELC Effie Lai-Chong and Roto, Virpi and Hassenzahl, Marc and Vermeeren, Arnold P.O.S. and Kort, Joke},
    pages = {719--728},
    url = {http://dl.acm.org/citation.cfm?doid=1518701.1518813 http://dl.acm.org/citation.cfm?id=1518813},
    isbn = {9781605582467}
}

@article{Fiser2001UnsupervisedScenes.,
    title = {{Unsupervised statistical learning of higher-order spatial structures from visual scenes.}},
    year = {2001},
    journal = {Psychological science},
    author = {Fiser, József and Aslin, R N},
    number = {6},
    pages = {499--504},
    volume = {12},
    url = {http://www.ncbi.nlm.nih.gov/pubmed/11760138},
    isbn = {0956-7976 (Print){\textbackslash}r0956-7976 (Linking)},
    doi = {10.1111/1467-9280.00392},
    issn = {0956-7976},
    pmid = {11760138},
    keywords = {Adult, Attention, Discrimination Learning, Female, Humans, Male, Mental Recall, Orientation, Pattern Recognition, Probability Learning, Problem Solving, Psychophysics, Visual}
}

@article{Greenberg2008UsabilityTime,
    title = {{Usability evaluation considered harmful (some of the time)}},
    year = {2008},
    journal = {Proceeding of the twentysixth annual CHI conference on Human factors in computing systems CHI 08},
    author = {Greenberg, Saul and Buxton, Bill},
    pages = {111},
    url = {http://portal.acm.org/citation.cfm?doid=1357054.1357074},
    isbn = {9781605580111},
    doi = {10.1145/1357054.1357074},
    issn = {978-1-60558-011-1}
}

@article{Mayer2014UserDescriptions,
    title = {{User interfaces for smart things -- A generative approach with semantic interaction descriptions}},
    year = {2014},
    journal = {ACM Transactions on Computer-Human Interaction},
    author = {Mayer, Simon and Tschofen, Andreas and Dey, Anind K. and Mattern, Friedemann},
    number = {2},
    month = {2},
    pages = {1--25},
    volume = {21},
    publisher = {Association for Computing Machinery},
    url = {http://www.scopus.com/inward/record.url?eid=2-s2.0-84898024591&partnerID=tZOtx3y1},
    doi = {10.1145/2584670},
    issn = {10730516},
    keywords = {Human-computer interaction, Internet of things, Mobile interfaces, Model-based user interfaces, User interface descriptions, Web of things}
}

@article{Wobbrock2009User-definedComputing,
    title = {{User-defined gestures for surface computing}},
    year = {2009},
    journal = {Proceedings of the 27th international conference on Human factors in computing systems - CHI 09},
    author = {Wobbrock, Jacob O. and Morris, Meredith Ringel and Wilson, Andrew D.},
    pages = {1083},
    url = {http://dl.acm.org/citation.cfm?doid=1518701.1518866\nhttp://portal.acm.org/citation.cfm?doid=1518701.1518866}
}

@article{Rautaray2015VisionSurvey,
    title = {{Vision based hand gesture recognition for human computer interaction: a survey}},
    year = {2015},
    journal = {Artif Intell Rev},
    author = {Rautaray, Siddharth S and Agrawal, Anupam and Rautaray, S S and Agrawal, A},
    pages = {1--54},
    volume = {43},
    isbn = {02692821 (ISSN)},
    doi = {10.1007/s10462-012-9356-9},
    issn = {02692821},
    keywords = {Gesture recognition {\textperiodcentered}, Hand {\textperiodcentered}, Human computer interaction {\textperiodcentered}, Natural interfaces, Recognition {\textperiodcentered}, Representations {\textperiodcentered}}
}

@article{Wu1999Vision-basedReview,
    title = {{Vision-based gesture recognition: A review}},
    year = {1999},
    journal = {Gesture-Based Communication in Human-Computer Interaction. Lecture Notes in Artificial Intelligence 1739. International GestureWorkshop, GW’99 Gif-sur-Yvette, France, March 17-19},
    author = {Wu, Ying and Huang, Thomas S.},
    isbn = {3540669353},
    doi = {10.1007/3-540-46616-9{\_}10}
}

@article{Davis1994VisualRecognition,
    title = {{Visual gesture recognition}},
    year = {1994},
    journal = {IEE Proceedings - Vision, Image, and Signal Processing},
    author = {Davis, J.},
    number = {2},
    pages = {101},
    volume = {141},
    isbn = {1350-245X},
    doi = {10.1049/ip-vis:19941058},
    issn = {1350245X}
}

@article{Pavlovic1997VisualReview,
    title = {{Visual interpretation of hand gestures for human-computer{\textbackslash}ninteraction: a review}},
    year = {1997},
    journal = {IEEE Transactions on Pattern Analysis and Machine Intelligence},
    author = {Pavlovic, V. I and Sharma, R. and Huang, T. S},
    number = {7},
    pages = {677--695},
    volume = {19},
    url = {http://ieeexplore.ieee.org.proxy.lib.sfu.ca/ielx1/34/13123/00598226.pdf?tp=&arnumber=598226&isnumber=13123},
    isbn = {0162-8828 VO  - 19},
    doi = {10.1109/34.598226},
    issn = {0162-8828}
}

@article{Dourish2004WhatContext,
    title = {{What we talk about when we talk about context}},
    year = {2004},
    journal = {Personal and Ubiquitous Computing},
    author = {Dourish, Paul},
    number = {1},
    pages = {19--30},
    volume = {8},
    isbn = {1617490916174},
    doi = {10.1007/s00779-003-0253-8},
    issn = {16174909},
    pmid = {22047740},
    keywords = {Context-aware computing, Ethnomethodology}
}

@misc{Dourish2001WhereInteraction,
    title = {{Where the Action Is: The Foundations of Embodied Interaction}},
    year = {2001},
    booktitle = {Where the action is the foundations of embodied interaction},
    author = {Dourish, Paul},
    number = {3},
    pages = {233},
    volume = {36},
    url = {http://books.google.com/books?id=DCIy2zxrCqcC&pgis=1},
    isbn = {0262041960},
    doi = {10.1162/leon.2003.36.5.412},
    issn = {14711834},
    pmid = {17714179}
}